@article{affect_rw1,
author = {Poria, Soujanya and Cambria, Erik and Bajpai, Rajiv and Hussain, Amir},
title = {A Review of Affective Computing},
year = {2017},
issue_date = {September 2017},
publisher = {Elsevier Science Publishers B. V.},
address = {NLD},
volume = {37},
number = {C},
issn = {1566-2535},
url = {https://doi.org/10.1016/j.inffus.2017.02.003},
doi = {10.1016/j.inffus.2017.02.003},
journal = {Inf. Fusion},
month = sep,
pages = {98–125},
numpages = {28},
keywords = {Sentiment analysis, visual and text information fusion, Audio, Multimodal affect analysis, Affective computing, Multimodal fusion}
}

@article{affect_rw2,  
author={E. {Cambria}},  
journal={IEEE Intelligent Systems},   
title={Affective Computing and Sentiment Analysis},   
year={2016},  
volume={31},  
number={2},  
pages={102-107},  
doi={10.1109/MIS.2016.31}
}

@article{affect_rw3,  
author={M. {Munezero} and C. S. {Montero} and E. {Sutinen} and J. {Pajunen}},  
journal={IEEE Transactions on Affective Computing},   
title={Are They Different? Affect, Feeling, Emotion, Sentiment, and Opinion Detection in Text},   
year={2014},  
volume={5},  
number={2},  
pages={101-111},  
doi={10.1109/TAFFC.2014.2317187}
}

@book{affect_rw4,
author = {Davidson, Richard and Scherer, Klaus and Goldsmith, Harold},
year = {2003},
month = {01},
pages = {},
title = {Handbook of Affective Science},
volume = {185},
isbn = {9780195126013 (alk. paper)
0195126017 (alk. paper)},
journal = {British Journal of Psychiatry - BRIT J PSYCHIAT}
}

@article{affect_rw5,
author = {Ben-Ze'ev, Aaron},
year = {2001},
month = {01},
pages = {},
title = {The subtlety of emotions},
volume = {12},
journal = {Psycoloquy}
}

@article{affect_rw6,
author = {Paul Ekman},
title ={Facial Expressions of Emotion: New Findings, New Questions},
journal = {Psychological Science},
volume = {3},
number = {1},
pages = {34-38},
year = {1992},
doi = {10.1111/j.1467-9280.1992.tb00253.x},
URL = {https://doi.org/10.1111/j.1467-9280.1992.tb00253.x},
eprint = {https://doi.org/10.1111/j.1467-9280.1992.tb00253.x}
}

@InProceedings{affect_rw7,
author="Cambria, Erik
and Livingstone, Andrew
and Hussain, Amir",
editor="Esposito, Anna
and Esposito, Antonietta M.
and Vinciarelli, Alessandro
and Hoffmann, R{\"u}diger
and M{\"u}ller, Vincent C.",
title="The Hourglass of Emotions",
booktitle="Cognitive Behavioural Systems",
year="2012",
publisher="Springer Berlin Heidelberg",
address="Berlin, Heidelberg",
pages="144--157",
isbn="978-3-642-34584-5"
}

@book{textbook,
author = {Jurafsky, Daniel and Martin, James H.},
title = {Speech and Language Processing (2nd Edition)},
year = {2009},
isbn = {0131873210},
publisher = {Prentice-Hall, Inc.},
address = {USA}
}

@inproceedings{affect_rw8,
    title = "{W}ord{N}et Affect: an Affective Extension of {W}ord{N}et",
    author = "Strapparava, Carlo  and
      Valitutti, Alessandro",
    booktitle = "Proceedings of the Fourth International Conference on Language Resources and Evaluation ({LREC}{'}04)",
    month = may,
    year = "2004",
    address = "Lisbon, Portugal",
    publisher = "European Language Resources Association (ELRA)",
    url = "http://www.lrec-conf.org/proceedings/lrec2004/pdf/369.pdf",
}

@inproceedings{affect_rw9,
    title = "{SENTIWORDNET}: A Publicly Available Lexical Resource for Opinion Mining",
    author = "Esuli, Andrea  and
      Sebastiani, Fabrizio",
    booktitle = "Proceedings of the Fifth International Conference on Language Resources and Evaluation ({LREC}{'}06)",
    month = may,
    year = "2006",
    address = "Genoa, Italy",
    publisher = "European Language Resources Association (ELRA)",
    url = "http://www.lrec-conf.org/proceedings/lrec2006/pdf/384_pdf.pdf"
}

@inproceedings{affect_rw10,
author = {Cambria, Erik and Olsher, Daniel and Rajagopal, Dheeraj},
year = {2014},
month = {07},
pages = {},
title = {SenticNet 3: A Common and Common-Sense Knowledge Base for Cognition-Driven Sentiment Analysis},
volume = {2},
journal = {Proceedings of the National Conference on Artificial Intelligence}
}

@inproceedings{affect_rw11,
    title = "Thumbs up? Sentiment Classification using Machine Learning Techniques",
    author = "Pang, Bo  and
      Lee, Lillian  and
      Vaithyanathan, Shivakumar",
    booktitle = "Proceedings of the 2002 Conference on Empirical Methods in Natural Language Processing ({EMNLP} 2002)",
    month = jul,
    year = "2002",
    publisher = "Association for Computational Linguistics",
    url = "https://www.aclweb.org/anthology/W02-1011",
    doi = "10.3115/1118693.1118704",
    pages = "79--86",
}

@inproceedings{affect_rw12,
author = {Yu, Hong and Hatzivassiloglou, Vasileios},
title = {Towards Answering Opinion Questions: Separating Facts from Opinions and Identifying the Polarity of Opinion Sentences},
year = {2003},
publisher = {Association for Computational Linguistics},
address = {USA},
url = {https://doi.org/10.3115/1119355.1119372},
doi = {10.3115/1119355.1119372},
booktitle = {Proceedings of the 2003 Conference on Empirical Methods in Natural Language Processing},
pages = {129–136},
numpages = {8},
series = {EMNLP '03}
}

@article{devlin2018bert,
  title={Bert: Pre-training of deep bidirectional transformers for language understanding},
  author={Devlin, Jacob and Chang, Ming-Wei and Lee, Kenton and Toutanova, Kristina},
  journal={arXiv preprint arXiv:1810.04805},
  year={2018}
}

@article{li2019exploiting,
  title={Exploiting BERT for end-to-end aspect-based sentiment analysis},
  author={Li, Xin and Bing, Lidong and Zhang, Wenxuan and Lam, Wai},
  journal={arXiv preprint arXiv:1910.00883},
  year={2019}
}

@inproceedings{glove,
  author = {Jeffrey Pennington and Richard Socher and Christopher D. Manning},
  booktitle = {Empirical Methods in Natural Language Processing (EMNLP)},
  title = {GloVe: Global Vectors for Word Representation},
  year = {2014},
  pages = {1532--1543},
  url = {http://www.aclweb.org/anthology/D14-1162},
}


